@Book{piketty:1,
ALTauthor = {토마 피케티},
title = {21세기 자본},
publisher = {글항아리},
year = {2014},
}

@Book{piketty:2,
ALTauthor = {토마 피케티},
title = {불평등 경제},
publisher = {마로니에북스},
year = {2014},
}

